@article{Ali2008,
	author  = {Abdelsalam Maatuk, Akhtar Ali, und Nick Rossiter}, 
	title   = {An Integrated Approach to Relational Database Migration},
	journal = {School of Computing, Engineering \$ Information Sciences Northumbria University, Newcastle upon Tyne, UK},
	year    = 2008
}
@book{wachter2015systemkonsolidierung,
	title={Systemkonsolidierung und Datenmigration als Erfolgsfaktoren: HMD Best Paper Award 2014},
	author={Wachter, Sabine and Zaelke, Thomas},
	year={2015},
	publisher={Springer-Verlag}
}

@book{geisler2014datenbanken,
	title={Datenbanken: grundlagen und design},
	author={Geisler, Frank},
	year={2014},
	publisher={mitp Verlags GmbH \& Co. KG}
}
