@article{Ali2008,
	author  = {Abdelsalam Maatuk, Akhtar Ali, und Nick Rossiter}, 
	title   = {An Integrated Approach to Relational Database Migration},
	journal = {School of Computing, Engineering & Information Sciences Northumbria University, Newcastle upon Tyne, UK},
	year    = 2008,
	pages   = {1,2}
}

